<record><leader>00000cas a22000007a 4500</leader><controlfield tag="001">32725761</controlfield><controlfield tag="008">950628d19711973nyuwr ne      0    0eng d</controlfield><datafield ind1=" " ind2=" " tag="010"><subfield code="a">sn 95071189 </subfield></datafield><datafield ind1=" " ind2=" " tag="040"><subfield code="a">NYS</subfield><subfield code="b">eng</subfield><subfield code="c">NYS</subfield><subfield code="d">OCLCQ</subfield></datafield><datafield ind1=" " ind2=" " tag="042"><subfield code="a">msc</subfield></datafield><datafield ind1="0" ind2=" " tag="130"><subfield code="a">Port Washington mail &amp; reporter (Port Washington, N.Y. : 1971)</subfield></datafield><datafield ind1="1" ind2="0" tag="245"><subfield code="a">Port Washington mail &amp; reporter.</subfield></datafield><datafield ind1="3" ind2="0" tag="246"><subfield code="a">Port Washington mail and reporter</subfield></datafield><datafield ind1="1" ind2="3" tag="246"><subfield code="a">Port mail-reporter</subfield></datafield><datafield ind1=" " ind2=" " tag="260"><subfield code="a">Port Washington, N.Y. :</subfield><subfield code="b">Peninsula Publications</subfield></datafield><datafield ind1=" " ind2=" " tag="300"><subfield code="a">v.</subfield></datafield><datafield ind1=" " ind2=" " tag="310"><subfield code="a">Weekly</subfield></datafield><datafield ind1="0" ind2=" " tag="362"><subfield code="a">Vol. 11, no. 21 (Mar. 4, 1971)-v. 11, no. 36 (June 17, 1971) ; 32nd year, no. 37 (June 24, 1971)-v. 34, no. 50 (Oct. 25, 1973).</subfield></datafield><datafield ind1=" " ind2=" " tag="500"><subfield code="a">"Official newspaper of Manorhaven."</subfield></datafield><datafield ind1=" " ind2="4" tag="651"><subfield code="a">Port Washington (N.Y.)</subfield><subfield code="v">Newspapers.</subfield></datafield><datafield ind1=" " ind2="4" tag="651"><subfield code="a">Manorhaven (N.Y.)</subfield><subfield code="v">Newspapers.</subfield></datafield><datafield ind1=" " ind2="4" tag="651"><subfield code="a">Nassau County (N.Y.)</subfield><subfield code="v">Newspapers.</subfield></datafield><datafield ind1=" " ind2=" " tag="752"><subfield code="a">United States</subfield><subfield code="b">New York</subfield><subfield code="c">Nassau</subfield><subfield code="d">Port Washington.</subfield></datafield><datafield ind1="0" ind2="0" tag="780"><subfield code="t">Port mail-reporter</subfield><subfield code="w">(DLC)sn 95071188</subfield></datafield><datafield ind1="0" ind2="0" tag="785"><subfield code="t">Port Washington mail</subfield><subfield code="w">(DLC)sn 95071190</subfield></datafield><datafield ind1="1" ind2=" " tag="029"><subfield code="a">AU@</subfield><subfield code="b">000011783137</subfield></datafield></record>